<collection xmlns="http://www.loc.gov/MARC21/slim">
<record>
  <leader>01485nam0a2200265 i 450 </leader>
  <controlfield tag="001">IT\ICCU\CNCE\077927</controlfield>
  <controlfield tag="005">20160309000000.0</controlfield>
  <datafield tag="012" ind1=" " ind2=" ">
    <subfield code="a">isle core loso ILDi (C) 1553 (Q)</subfield>
    <subfield code="2">fei</subfield>
  </datafield>
  <datafield tag="100" ind1=" " ind2=" ">
    <subfield code="a">20121227f1553        0itac0103    ba</subfield>
  </datafield>
  <datafield tag="101" ind1=" " ind2=" ">
    <subfield code="a">ITA</subfield>
  </datafield>
  <datafield tag="102" ind1=" " ind2=" ">
    <subfield code="a">IT</subfield>
  </datafield>
  <datafield tag="200" ind1="1" ind2=" ">
    <subfield code="a">Profetie di varii profeti et sibille. Sopra la incarnatione, natiuita, vita, morte, resurretione, ascensione &amp; vltimo aduento del Figliuol di Dio. Tradotte in uolgare &amp; in ottaua rima dal reuerendo padre frate Dionisio detto il fratino d&apos;Ascesi, dell&apos;Ordine de predicatori, da recitarsi la notte di Natale, per ogni luoco pio, &amp; in conspetto di qual si uoglia collegio</subfield>
  </datafield>
  <datafield tag="210" ind1=" " ind2=" ">
    <subfield code="a">In Firenze</subfield>
    <subfield code="c">appresso Bartolomeo Sermartelli</subfield>
    <subfield code="d">\non prima del 1553!</subfield>
  </datafield>
  <datafield tag="215" ind1=" " ind2=" ">
    <subfield code="a">\10! c.</subfield>
    <subfield code="d">4ʻ</subfield>
  </datafield>
  <datafield tag="300" ind1=" " ind2=" ">
    <subfield code="a">La data si ricava dall&apos;attivit ̉del tipografo</subfield>
  </datafield>
  <datafield tag="620" ind1=" " ind2=" ">
    <subfield code="a">IT</subfield>
    <subfield code="d">Firenze</subfield>
  </datafield>
  <datafield tag="700" ind1=" " ind2="0">
    <subfield code="a">Dionisio</subfield>
    <subfield code="c"> : d&apos;Assisi</subfield>
    <subfield code="3">IT\ICCU\CNCA\029774</subfield>
  </datafield>
  <datafield tag="712" ind1="0" ind2="0">
    <subfield code="a">Sermartelli, Bartolomeo</subfield>
    <subfield code="c"> &lt;1.&gt;</subfield>
    <subfield code="3">IT\ICCU\CNCT\000160</subfield>
    <subfield code="4">650</subfield>
  </datafield>
  <datafield tag="790" ind1=" " ind2="0">
    <subfield code="a">Dionisio</subfield>
    <subfield code="c"> : d&apos;Ascesi</subfield>
    <subfield code="3">IT\ICCU\CNCA\029775</subfield>
    <subfield code="z">Dionisio : d&apos;Assisi</subfield>
  </datafield>
  <datafield tag="790" ind1=" " ind2="0">
    <subfield code="a">Dyonisius</subfield>
    <subfield code="c"> : de#Assisio</subfield>
    <subfield code="3">IT\ICCU\CNCA\029776</subfield>
    <subfield code="z">Dionisio : d&apos;Assisi</subfield>
  </datafield>
  <datafield tag="790" ind1=" " ind2="0">
    <subfield code="a">Dionigi</subfield>
    <subfield code="c"> : d&apos;Assisi</subfield>
    <subfield code="3">IT\ICCU\CNCA\029777</subfield>
    <subfield code="z">Dionisio : d&apos;Assisi</subfield>
  </datafield>
  <datafield tag="791" ind1="0" ind2="2">
    <subfield code="a">Bartolomeo S. M.</subfield>
    <subfield code="3">IT\ICCU\CNCT\004089</subfield>
    <subfield code="z">Sermartelli, Bartolomeo &lt;1.&gt;</subfield>
  </datafield>
  <datafield tag="791" ind1="0" ind2="0">
    <subfield code="a">Sermartellius, Bartholomaeus</subfield>
    <subfield code="c"> &lt;1.&gt;</subfield>
    <subfield code="3">IT\ICCU\CNCT\005648</subfield>
    <subfield code="z">Sermartelli, Bartolomeo &lt;1.&gt;</subfield>
  </datafield>
  <datafield tag="801" ind1=" " ind2="3">
    <subfield code="a">IT</subfield>
    <subfield code="b">ICCU</subfield>
    <subfield code="c">20201115</subfield>
  </datafield>
  <datafield tag="899" ind1=" " ind2=" ">
    <subfield code="a">Biblioteca nazionale centrale. Firenze</subfield>
    <subfield code="1">FI0098</subfield>
    <subfield code="2">CFI CF</subfield>
  </datafield>
</record>
</collection>
